@article{PhysRevLett.111.127003Huebl,
  title = {High Cooperativity in Coupled Microwave Resonator Ferrimagnetic Insulator Hybrids},
  author = {Huebl, Hans and Zollitsch, Christoph W. and Lotze, Johannes and Hocke, Fredrik and Greifenstein, Moritz and Marx, Achim and Gross, Rudolf and Goennenwein, Sebastian T. B.},
  journal = {Phys. Rev. Lett.},
  volume = {111},
  number = {12},
  pages = {127003},
  numpages = {5},
  year = {2013},
  month = {Sep},
  publisher = {American Physical Society},
  doi = {10.1103/PhysRevLett.111.127003},
  url = {https://link.aps.org/doi/10.1103/PhysRevLett.111.127003}
}

@article{PhysRevApplied.2.054002Tobar,
  title = {High-Cooperativity Cavity QED with Magnons at Microwave Frequencies},
  author = {Goryachev, Maxim and Farr, Warrick G. and Creedon, Daniel L. and Fan, Yaohui and Kostylev, Mikhail and Tobar, Michael E.},
  journal = {Phys. Rev. Applied},
  volume = {2},
  number = {5},
  pages = {054002},
  numpages = {11},
  year = {2014},
  month = {Nov},
  publisher = {American Physical Society},
  doi = {10.1103/PhysRevApplied.2.054002},
  url = {https://link.aps.org/doi/10.1103/PhysRevApplied.2.054002}
}

@article{PhysRevLett.113.083603Nakamura,
  title = {Hybridizing Ferromagnetic Magnons and Microwave Photons in the Quantum Limit},
  author = {Tabuchi, Yutaka and Ishino, Seiichiro and Ishikawa, Toyofumi and Yamazaki, Rekishu and Usami, Koji and Nakamura, Yasunobu},
  journal = {Phys. Rev. Lett.},
  volume = {113},
  number = {8},
  pages = {083603},
  numpages = {5},
  year = {2014},
  month = {Aug},
  publisher = {American Physical Society},
  doi = {10.1103/PhysRevLett.113.083603},
  url = {https://link.aps.org/doi/10.1103/PhysRevLett.113.083603}
}

@article{PhysRevLett.113.156401Tang,
  title = {Strongly Coupled Magnons and Cavity Microwave Photons},
  author = {Zhang, Xufeng and Zou, Chang-Ling and Jiang, Liang and Tang, Hong X.},
  journal = {Phys. Rev. Lett.},
  volume = {113},
  number = {15},
  pages = {156401},
  numpages = {5},
  year = {2014},
  month = {Oct},
  publisher = {American Physical Society},
  doi = {10.1103/PhysRevLett.113.156401},
  url = {https://link.aps.org/doi/10.1103/PhysRevLett.113.156401}
}

@article{PhysRevLett.114.227201Hu,
  title = {Spin Pumping in Electrodynamically Coupled Magnon-Photon Systems},
  author = {Bai, Lihui and Harder, M. and Chen, Y. P. and Fan, X. and Xiao, J. Q. and Hu, C.-M.},
  journal = {Phys. Rev. Lett.},
  volume = {114},
  number = {22},
  pages = {227201},
  numpages = {5},
  year = {2015},
  month = {Jun},
  publisher = {American Physical Society},
  doi = {10.1103/PhysRevLett.114.227201},
  url = {https://link.aps.org/doi/10.1103/PhysRevLett.114.227201}
}

@article{PhysRevLett.104.077202Soykal,
  title = {Strong Field Interactions between a Nanomagnet and a Photonic Cavity},
  author = {Soykal, \"O. O. and Flatt\'e, M. E.},
  journal = {Phys. Rev. Lett.},
  volume = {104},
  number = {7},
  pages = {077202},
  numpages = {4},
  year = {2010},
  month = {Feb},
  publisher = {American Physical Society},
  doi = {10.1103/PhysRevLett.104.077202},
  url = {https://link.aps.org/doi/10.1103/PhysRevLett.104.077202}
}

@article{PhysRevLett.102.083602Imamoifmmode,
  title = {Cavity QED Based on Collective Magnetic Dipole Coupling: Spin Ensembles as Hybrid Two-Level Systems},
  author = {Imamo\ifmmode \breve{g}\else \u{g}\fi{}lu, Atac},
  journal = {Phys. Rev. Lett.},
  volume = {102},
  number = {8},
  pages = {083602},
  numpages = {4},
  year = {2009},
  month = {Feb},
  publisher = {American Physical Society},
  doi = {10.1103/PhysRevLett.102.083602},
  url = {https://link.aps.org/doi/10.1103/PhysRevLett.102.083602}
}

@article{feynman1982quantum,
  title={Simulating physics with computers},
  author={Feynman, Richard P},
  journal={Int. J. Theor. Phys.},
  volume={21},
  number={6},
  pages={467--488},
  year={1982},
  publisher={Kluwer Academic Publishers-Plenum Publishers},
  doi = {10.1007/BF02650179},
  url = {https://doi.org/10.1007/BF02650179}
}

@article{PhysRevLett.116.223601Nakamura,
  title = {Cavity Optomagnonics with Spin-Orbit Coupled Photons},
  author = {Osada, A. and Hisatomi, R. and Noguchi, A. and Tabuchi, Y. and Yamazaki, R. and Usami, K. and Sadgrove, M. and Yalla, R. and Nomura, M. and Nakamura, Y.},
  journal = {Phys. Rev. Lett.},
  volume = {116},
  number = {22},
  pages = {223601},
  numpages = {5},
  year = {2016},
  month = {Jun},
  publisher = {American Physical Society},
  doi = {10.1103/PhysRevLett.116.223601},
  url = {https://link.aps.org/doi/10.1103/PhysRevLett.116.223601}
}

@article{PhysRevLett.104.077202Soykal,
  title = {Strong Field Interactions between a Nanomagnet and a Photonic Cavity},
  author = {Soykal, \"O. O. and Flatt\'e, M. E.},
  journal = {Phys. Rev. Lett.},
  volume = {104},
  number = {7},
  pages = {077202},
  numpages = {4},
  year = {2010},
  month = {Feb},
  publisher = {American Physical Society},
  doi = {10.1103/PhysRevLett.104.077202},
  url = {https://link.aps.org/doi/10.1103/PhysRevLett.104.077202}
}

@article{PhysRevB.94.224410You,
  title = {Magnon Kerr effect in a strongly coupled cavity-magnon system},
  author = {Wang, Yi-Pu and Zhang, Guo-Qiang and Zhang, Dengke and Luo, Xiao-Qing and Xiong, Wei and Wang, Shuai-Peng and Li, Tie-Fu and Hu, C.-M. and You, J. Q.},
  journal = {Phys. Rev. B},
  volume = {94},
  number = {22},
  pages = {224410},
  numpages = {8},
  year = {2016},
  month = {Dec},
  publisher = {American Physical Society},
  doi = {10.1103/PhysRevB.94.224410},
  url = {https://link.aps.org/doi/10.1103/PhysRevB.94.224410}
}

@article{10.1126/sciadv.1501286Tang,
author = {Xufeng Zhang  and Chang-Ling Zou  and Liang Jiang  and Hong X. Tang },
title = {Cavity magnomechanics},
journal = {Sci. Adv.},
volume = {2},
number = {3},
pages = {e1501286},
year = {2016},
doi = {10.1126/sciadv.1501286},
URL = {https://www.science.org/doi/abs/10.1126/sciadv.1501286}
}

@article{10.1126/sciadv.1603150Nakamura,
author = {Dany Lachance-Quirion  and Yutaka Tabuchi  and Seiichiro Ishino  and Atsushi Noguchi  and Toyofumi Ishikawa  and Rekishu Yamazaki  and Yasunobu Nakamura },
title = {Resolving quanta of collective spin excitations in a millimeter-sized ferromagnet},
journal = {Sci. Adv.},
volume = {3},
number = {7},
pages = {e1603150},
year = {2017},
doi = {10.1126/sciadv.1603150},
URL = {https://www.science.org/doi/abs/10.1126/sciadv.1603150}
}

@article{10.1063/5.0024369Ruoso,
author = {Crescini,N.  and Braggio,C.  and Carugno,G.  and Ortolan,A.  and Ruoso,G. },
title = {Cavity magnon polariton based precision magnetometry},
journal = {Appl. Phys. Lett.},
volume = {117},
number = {14},
pages = {144001},
year = {2020},
doi = {10.1063/5.0024369},
URL = {https://doi.org/10.1063/5.0024369}
}

@article{PhysRevB.93.144420Tobar,
  title = {Ultrahigh cooperativity interactions between magnons and resonant photons in a YIG sphere},
  author = {Bourhill, J. and Kostylev, N. and Goryachev, M. and Creedon, D. L. and Tobar, M. E.},
  journal = {Phys. Rev. B},
  volume = {93},
  number = {14},
  pages = {144420},
  numpages = {8},
  year = {2016},
  month = {Apr},
  publisher = {American Physical Society},
  doi = {10.1103/PhysRevB.93.144420},
  url = {https://link.aps.org/doi/10.1103/PhysRevB.93.144420}
}

@article{PhysRevLett.121.203601Agarwal,
  title = {Magnon-Photon-Phonon Entanglement in Cavity Magnomechanics},
  author = {Li, Jie and Zhu, Shi-Yao and Agarwal, G. S.},
  journal = {Phys. Rev. Lett.},
  volume = {121},
  number = {20},
  pages = {203601},
  numpages = {6},
  year = {2018},
  month = {Nov},
  publisher = {American Physical Society},
  doi = {10.1103/PhysRevLett.121.203601},
  url = {https://link.aps.org/doi/10.1103/PhysRevLett.121.203601}
}

@article{PhysRevApplied.12.034001Xiong,
  title = {Magnon-Induced Nonreciprocity Based on the Magnon Kerr Effect},
  author = {Kong, Cui and Xiong, Hao and Wu, Ying},
  journal = {Phys. Rev. Applied},
  volume = {12},
  number = {3},
  pages = {034001},
  numpages = {9},
  year = {2019},
  month = {Sep},
  publisher = {American Physical Society},
  doi = {10.1103/PhysRevApplied.12.034001},
  url = {https://link.aps.org/doi/10.1103/PhysRevApplied.12.034001}
}

@article{PhysRevLett.121.087205Sharma,
  title = {Optical Cooling of Magnons},
  author = {Sharma, Sanchar and Blanter, Yaroslav M. and Bauer, Gerrit E. W.},
  journal = {Phys. Rev. Lett.},
  volume = {121},
  number = {8},
  pages = {087205},
  numpages = {6},
  year = {2018},
  month = {Aug},
  publisher = {American Physical Society},
  doi = {10.1103/PhysRevLett.121.087205},
  url = {https://link.aps.org/doi/10.1103/PhysRevLett.121.087205}
}

@article{PhysRevA.100.013810Bittencourt,
  title = {Magnon heralding in cavity optomagnonics},
  author = {Bittencourt, Victor A. S. V. and Feulner, Verena and Kusminskiy, Silvia Viola},
  journal = {Phys. Rev. A},
  volume = {100},
  number = {1},
  pages = {013810},
  numpages = {15},
  year = {2019},
  month = {Jul},
  publisher = {American Physical Society},
  doi = {10.1103/PhysRevA.100.013810},
  url = {https://link.aps.org/doi/10.1103/PhysRevA.100.013810}
}

@article{PhysRevB.95.214411Hu,
  title = {Topological properties of a coupled spin-photon system induced by damping},
  author = {Harder, Michael and Bai, Lihui and Hyde, Paul and Hu, Can-Ming},
  journal = {Phys. Rev. B},
  volume = {95},
  number = {21},
  pages = {214411},
  numpages = {7},
  year = {2017},
  month = {Jun},
  publisher = {American Physical Society},
  doi = {10.1103/PhysRevB.95.214411},
  url = {https://link.aps.org/doi/10.1103/PhysRevB.95.214411}
}

@article{PhysRevLett.121.137203Hu,
  title = {Level Attraction Due to Dissipative Magnon-Photon Coupling},
  author = {Harder, M. and Yang, Y. and Yao, B. M. and Yu, C. H. and Rao, J. W. and Gui, Y. S. and Stamps, R. L. and Hu, C.-M.},
  journal = {Phys. Rev. Lett.},
  volume = {121},
  number = {13},
  pages = {137203},
  numpages = {5},
  year = {2018},
  month = {Sep},
  publisher = {American Physical Society},
  doi = {10.1103/PhysRevLett.121.137203},
  url = {https://link.aps.org/doi/10.1103/PhysRevLett.121.137203}
}

@article{Pantazopoulos_2018,
	doi = {10.1088/2040-8986/aaf2c1},
	url = {https://doi.org/10.1088/2040-8986/aaf2c1},
	year = 2018,
	month = {dec},
	publisher = {{IOP} Publishing},
	volume = {21},
	number = {1},
	pages = {015603},
	author = {Petros-Andreas Pantazopoulos and Nikolaos Papanikolaou and Nikolaos Stefanou},
	title = {Tailoring coupling between light and spin waves with dual photonic{\textendash}magnonic resonant layered structures},
	journal = {Journal of Optics}
}

@article{PhysRevB.98.241406Graf,
  title = {Cavity optomagnonics with magnetic textures: Coupling a magnetic vortex to light},
  author = {Graf, Jasmin and Pfeifer, Hannes and Marquardt, Florian and Viola Kusminskiy, Silvia},
  journal = {Phys. Rev. B},
  volume = {98},
  number = {24},
  pages = {241406},
  numpages = {5},
  year = {2018},
  month = {Dec},
  publisher = {American Physical Society},
  doi = {10.1103/PhysRevB.98.241406},
  url = {https://link.aps.org/doi/10.1103/PhysRevB.98.241406}
}

@article{PhysRevResearch.3.013277Graf,
  title = {Design of an optomagnonic crystal: Towards optimal magnon-photon mode matching at the microscale},
  author = {Graf, Jasmin and Sharma, Sanchar and Huebl, Hans and Kusminskiy, Silvia Viola},
  journal = {Phys. Rev. Research},
  volume = {3},
  number = {1},
  pages = {013277},
  numpages = {17},
  year = {2021},
  month = {Mar},
  publisher = {American Physical Society},
  doi = {10.1103/PhysRevResearch.3.013277},
  url = {https://link.aps.org/doi/10.1103/PhysRevResearch.3.013277}
}

@article{PhysRevA.98.053834Ridolfo,
  title = {Dissipation and thermal noise in hybrid quantum systems in the ultrastrong-coupling regime},
  author = {Settineri, Alessio and Macr\'{\i}, Vincenzo and Ridolfo, Alessandro and Di Stefano, Omar and Kockum, Anton Frisk and Nori, Franco and Savasta, Salvatore},
  journal = {Phys. Rev. A},
  volume = {98},
  number = {5},
  pages = {053834},
  numpages = {15},
  year = {2018},
  month = {Nov},
  publisher = {American Physical Society},
  doi = {10.1103/PhysRevA.98.053834},
  url = {https://link.aps.org/doi/10.1103/PhysRevA.98.053834}
}

@article{PhysRevA.66.033812Drummond,
  title = {Gauge $P$ representations for quantum-dynamical problems: Removal of boundary terms},
  author = {Deuar, P. and Drummond, P. D.},
  journal = {Phys. Rev. A},
  volume = {66},
  number = {3},
  pages = {033812},
  numpages = {16},
  year = {2002},
  month = {Sep},
  publisher = {American Physical Society},
  doi = {10.1103/PhysRevA.66.033812},
  url = {https://link.aps.org/doi/10.1103/PhysRevA.66.033812}
}

@book{carmichael1999statistical,
  title={Statistical methods in quantum optics 1: master equations and Fokker-Planck equations},
  author={Carmichael, Howard J},
  edition={1},
  year={1999},
  location={Berlin, Heidelberg},
  publisher={Springer-Verlag}
}

@book{walls2007quantum,
  title={Quantum optics},
  author={Walls, Daniel F and Milburn, Gerard J},
  edition={2},
  year={2007},
  location={Berlin, Heidelberg},
  publisher={Springer-Verlag}
}

@book{gardiner1985handbook,
  title={Handbook of stochastic methods},
  author={Gardiner, Crispin W},
  edition={3},
  year={1985},
  location={Berlin, Heidelberg},
  publisher={Springer-Verlag}
}

@book{Kloeden1992numerical,
  title={Numerical Solution of Stochastic Differential Equations},
  author={Peter E. Kloeden and Eckhard Platen},
  edition={1},
  year={1992},
  location={Berlin, Heidelberg},
  publisher={Springer-Verlag}
}

@book{gerry2005introductory,
  title={Introductory quantum optics},
  author={Gerry, Christopher and Knight, Peter},
  edition={1},
  year={2004},
  location={New York},
  publisher={Cambridge University Press}
}

@article{harder2016study,
  title={Study of the cavity-magnon-polariton transmission line shape},
  author={Harder, Michael and Bai, LiHui and Match, Christophe and Sirker, Jesko and Hu, CanMing},
  journal={Sci. China Phys. Mech.},
  volume={59},
  number={11},
  pages={117511},
  year={2016},
  publisher={Springer},
  doi = {10.1007/s11433-016-0228-6},
  url = {https://doi.org/10.1007/s11433-016-0228-6}
}

@article{PhysRevB.99.134445Hu,
  title = {Transient response of the cavity magnon-polariton},
  author = {Match, Christophe and Harder, Michael and Bai, Lihui and Hyde, Paul and Hu, Can-Ming},
  journal = {Phys. Rev. B},
  volume = {99},
  number = {13},
  pages = {134445},
  numpages = {6},
  year = {2019},
  month = {Apr},
  publisher = {American Physical Society},
  doi = {10.1103/PhysRevB.99.134445},
  url = {https://link.aps.org/doi/10.1103/PhysRevB.99.134445}
}













@article{Nadkarni-1992,
	author = {M. A. Nadkarni and C. K. K. Nair and V. N. Pandey and A. Others},
	title = {Characterzation of alpha-galactosidase from corynebacterium murisepticum and mechanism of its induction},
	type = {J},
	journal = {J Gen App Microbiol},
	year = {1992},
	volume = {38},
	pages = {223-234},
}

@article{ChenCheChen2001,
	author = {陈建军 and 车建文 and 陈勇},
	title = {具有频率和振型概率约束的工程结构动力优化设计},
	type = {J},
	journal = {计算力学学报},
	year = {2001},
	volume = {18},
	number = {1},
	pages = {74-80},
	userf = {zh},
}


@article{Hua-Wang-1973,
	author = {华罗庚 and 王元},
	title = {论一致分布与近似分析：数论方法(I)},
	type = {J},
	journal = {中国科学},
	year = {1973},
	number = {4},
	pages = {339-357},
	userf = {zh},
}


@book{ZhuKeZhen,
	author = {竺可桢},
	title = {物候学},
	type = {M},
	location = {北京},
	publisher = {科学出版社},
	year = {1973},
	userf = {zh},
}

@book{Huo,
	author = {霍夫斯塔主编},
	title = {禽病学：下册．第7版},
	translator = {胡祥壁},
	type = {M},
	location = {北京},
	publisher = {农业出版社},
	year = {1981},
	pages = {798-799},
	userf = {zh},
}

@patent{JiangXiZhou,
	author = {姜锡洲},
	title = {一种温热外敷药制备方案},
	type = {P},
	location = {中国},
	number = {88105607.3},
	date = {1989-07-26},
	userf = {zh},
}


@book{Timoshenko,
	author = {S. P. Timoshenko},
	title = {Theory of plate and shells．2nd ed.},
	type = {M},
	location = {New York},
	publisher = {McGraw-Hil1},
	year = {1959},
    pages = {17-36},
}

@incollection{Zhang-Wang,
	author = {张全福 and 王里青},
	title = {“百家争鸣”与理工科学报编辑工作},
	type = {M},
	bookauthor = {郑福寿},
	booktitle = {学报编辑论丛：第2集},
	location = {南京},
	publisher = {河海大学出版社},
	year = {1991},
	pages = {1-4},
	userf = {zh},
}

@online{Ding,
  addendum={丁光莹. 钢筋混凝土框架结构非线性反应分析的随机模拟分析: [博士学位论文].
  上海：同济大学，2001},
  userf = {zh},
}

@online{GB6447-86,
  addendum={全国文献工作标准化技术委员会第六分委员会．GB 6447-86 文摘编写规则．北京：中国标准出版社，1986},
  userf = {zh},
}

@online{Example,
  addendum={ Nadkarni M A, Nair C K K, Pandey V N, et al．
  Characterzation of alpha-galactosidase from corynebacterium murisepticum and mechanism of its induction.
   J Gen App Microbiol，1992，38：223 $\sim$ 234 },
}
